@article{basch16,
  author  = {Ethan Basch and Allison M. Deal and Mark G. Kris and Howard I. Scher and Clifford A. Hudis and Paul Sabbatini and Lauren Rogak and Antonia V. Bennett and Amylou C. Dueck and Thomas M. Atkinson and Joanne F. Chou and Dorothy Dulko and Laura Sit and Allison Barz and Paul Novotny and Michael Fruscione and Jeff A. Sloan and Deborah Schrag}, 
  title   = {Symptom Monitoring With Patient-Reported Outcomes During Routine Cancer Treatment: A Randomized Controlled Trial},
  journal = {Journal of Clinical Oncology},
  year    = 2016,
  pages   = {557-+},
  month   = {February},
  volume  = 34
}

@article{basch17,
  author  = {Ethan Basch}, 
  title   = {Patient-Reported Outcomes -- Harnessing Patients' Voices to Improve Clinical Care},
  journal = {New England Journal of Medicine},
  year    = 2017,
  pages   = {105-108},
  month   = {January},
  volume  = 376
}

@article{snyder12,
  author  = {Claire F. Snyder and Neil K. Aaronson and Ali K. Choucair and Thomas E. Elliott and Joanne Greenhalgh and Michele Y. Halyard and Rachel Hess and Deborah M. Miller and Bryce B. Reeve and Maria Santana}, 
  title   = {Implementing patient-reported outcomes assessment in clinical practice: a review of the options and considerations},
  journal = {Quality of Life Research},
  year    = 2012,
  pages   = {1305-1314},
  month   = {October},
  volume  = 21
}

@article{holzner12,
  author  = {Bernhard Holzner and Johannes M. Giesinger and Jakob Pinggera and Stefan Zugal and Felix Schopf and Anne S. Oberguggenberger and Eva M. Gamper and August Zabernigg and Barbara Weber and Garhard Rumpold}, 
  title   = {The Computer-based Health Evaluation Software (CHES): a software for electronic patient-reported outcome monitoring},
  journal = {BMC Medical Informatics and Decision Making},
  year    = 2012,
  pages   = {126},
  month   = {November},
  volume  = 12
}

@article{dl16,
  author  = {S. Duman-Lubberding and C.F. van Uden-Kraan and F. Jansen and B.I. Witte and L.A. van der Velden and M. Lacko and P. Cuijpers and C.R. Leemans and I.M. Verdonck-de Leeuw}, 
  title   = {Feasibility of an eHealth application ``OncoKompas'' to improve personalized survivorship cancer care},
  journal = {Supportive Care in Cancer},
  year    = 2016,
  pages   = {2163-2171},
  month   = {May},
  volume  = 24
}

@unpublished{us ,
author = {John Kildea and David Herrera and Ackeem Joseph and John Battista and Briana Cabral and Lee Dennis and Amro Gazlan and Mehryar Keshavarz and Sarah Kordlouie and Claudine LeBosquain and Alvin Leung and Robert Maglieri and Chloe Pou-Prom and Thomas Tendron and Justin Wainberg and Laurie Hendren and Tarek Hijal},
title = {Opal - the Oncology Portal and Application},
note = {Unpublished Manuscript},
year = {2016}
}
